@misc{baronHandreichungZitieren2018,
  langid = {german},
  title = {Eine Handreichung zum Zitieren in studentischen Arbeiten},
  url = {http://www.et.tu-dresden.de/ifa/fileadmin/user_upload/www_files/richtlinien_sa_da/handreichung_zum_zitieren_in_studentischen_arbeiten-2018-06-12.pdf},
  publisher = {{Institut für Automatisierungstechnik, Technische Universität Dresden}},
  date = {2018-06-12},
  author = {Baron, Lukas}
}

@online{IfARichtlinie2019,
	author = {Institut für Automatisierungstechnik, Technische Universität Dresden},
    title = {Richtlinie für wissenschaftliche und studentische Arbeiten},
    year = {2019},
    url = {http://www.et.tu-dresden.de/ifa/index.php?id=330}
}

@online{SLUBZitierenHandreichung2018,
	author = {Matti Stöhr},
	organization = {SLUB},
	language = {german},
    title = {Zitieren und gute wissenschaftliche Praxis - SLUB-Handreichung zum wissenschaftlichen Arbeiten erschienen},
    year = {2018},
    url = {https://blog.slub-dresden.de/beitrag/2018/02/21/zitieren-und-gute-wissenschaftliche-praxis-slub-handreichung-zum-wissenschaftlichen-arbeiten-ersch/}
}

@online{SchwenkeBildzitate2012,
	author = {Dr. Thomas Schwenke},
	language = {german},
    title = {Wann ist ein Bildzitat erlaubt? – Anleitung mit Beispielen und Checkliste},
    year = {2012},
    url = {https://drschwenke.de/wann-ist-ein-bildzitat-erlaubt-anleitung-mit-beispielen-und-checkliste/}
}